<?xml version="1.0" encoding="UTF-8"?>
<marc:collection xmlns="http://www.loc.gov/MARC21/slim" xmlns:marc="http://www.loc.gov/MARC21/slim" xmlns:xsi="http://www.w3.org/2001/XMLSchema-instance" xsi:schemaLocation="http://www.loc.gov/standards/marcxml/schema/MARC21slim.xsd">
  <record>
    <leader>00000npc a2200000 u 4500</leader>
    <datafield ind1=" " ind2=" " tag="040">
      <subfield code="a">DWP</subfield>
      <subfield code="c">DWP</subfield>
      <subfield code="e">dacs</subfield>
    </datafield>
    <datafield ind1="0" ind2="0" tag="245">
      <subfield code="a">Martin Luther King Holiday Commission Records</subfield>
    </datafield>
    <datafield ind1=" " ind2=" " tag="300">
      <subfield code="a">4 linear feet; 8 boxes</subfield>
    </datafield>
    <datafield ind1=" " ind2=" " tag="099">
      <subfield code="a">017</subfield>
    </datafield>
    <datafield ind1="8" ind2=" " tag="555">
      <subfield code="a">Finding aid online:</subfield>
      <subfield code="u">http://washingtoniana.dclibrary.org</subfield>
    </datafield>
    <datafield ind1="4" ind2="2" tag="856">
      <subfield code="z">Finding aid online:</subfield>
      <subfield code="u">http://washingtoniana.dclibrary.org</subfield>
    </datafield>
    <datafield ind1=" " ind2=" " tag="546">
      <subfield code="a">English</subfield>
    </datafield>
    <datafield ind1="1" ind2=" " tag="545">
      <subfield code="a">The D.C and Federal Holiday Commissions worked to get a federal holiday for Dr. King and publicized efforts to celebrate his accomplishments.  </subfield>
    </datafield>
    <datafield ind1="1" ind2=" " tag="561">
      <subfield code="a">Professor Brady Tyson donated papers related to his participation in the D.C. and Federal Holiday Commissions. Dr. Tyson was also a member of the board of the Southern Christian Leadership Conference.</subfield>
    </datafield>
    <datafield ind1="2" ind2=" " tag="520">
      <subfield code="a">The papers consists of memoranda, meeting minutes, reports, press releases, statements, newsletters, clippings, conference packets, and correspondence which document efforts to establish a Martin Luther King Memorial holiday   The collection also includes the SCLC national magazine, and SCLC convention materials (1980s), items from the King Center in Atlanta, and some historical flyers, publications, and other historical items.</subfield>
    </datafield>
  </record>
</marc:collection>

